%% This BibTeX bibliography file was created using BibDesk.
%% http://bibdesk.sourceforge.net/


%% Created for Alex Bowe at 2010-10-25 22:36:52 +1100 


%% Saved with string encoding Unicode (UTF-8) 



@article{genome:flicek2009,
	Abstract = {The most important first step in understanding next-generation sequencing data is the initial alignment or assembly that determines whether an experiment has succeeded and provides a first glimpse into the results. In parallel with the growth of new sequencing technologies, several algorithms that align or assemble the large data output of today's sequencing machines have been developed. We discuss the current algorithmic approaches and future directions of these fundamental tools and provide specific examples for some commonly used tools.},
	Author = {Flicek, Paul and Birney, Ewan},
	Citeulike-Article-Id = {6043667},
	Citeulike-Linkout-0 = {http://dx.doi.org/10.1038/nmeth.1376},
	Citeulike-Linkout-1 = {http://dx.doi.org/10.1038/nmeth.1376},
	Citeulike-Linkout-2 = {http://view.ncbi.nlm.nih.gov/pubmed/19844229},
	Citeulike-Linkout-3 = {http://www.hubmed.org/display.cgi?uids=19844229},
	Day = {15},
	Doi = {10.1038/nmeth.1376},
	Issn = {1548-7091},
	Journal = {Nature Methods},
	Keywords = {assembly},
	Month = {October},
	Number = {11s},
	Pages = {S6--S12},
	Posted-At = {2010-01-08 12:13:57},
	Priority = {2},
	Publisher = {Nature Publishing Group},
	Title = {Sense from sequence reads: methods for alignment and assembly},
	Url = {http://dx.doi.org/10.1038/nmeth.1376},
	Volume = {6},
	Year = {2009},
	Bdsk-Url-1 = {http://dx.doi.org/10.1038/nmeth.1376}}

@article{genome:abouelhoda2004,
	Author = {Mohamed Ibrahim Abouelhoda and Stefan Kurtz and Enno Ohlebusch},
	Doi = {DOI: 10.1016/S1570-8667(03)00065-0},
	Issn = {1570-8667},
	Journal = {Journal of Discrete Algorithms},
	Keywords = {Pattern matching},
	Note = {The 9th International Symposium on String Processing and Information Retrieval},
	Number = {1},
	Pages = {53 - 86},
	Title = {Replacing suffix trees with enhanced suffix arrays},
	Url = {http://www.sciencedirect.com/science/article/B758J-4BPDMK0-4/2/444ae7fec30f49fd535bb0e07d9a7f4a},
	Volume = {2},
	Year = {2004},
	Bdsk-Url-1 = {http://www.sciencedirect.com/science/article/B758J-4BPDMK0-4/2/444ae7fec30f49fd535bb0e07d9a7f4a},
	Bdsk-Url-2 = {http://dx.doi.org/10.1016/S1570-8667(03)00065-0}}

@article{huffmanWT:makinen2005,
	Author = {V. M{\"a}kinen and G. Navarro},
	Journal = {Nordic Journal of Computing},
	Number = 1,
	Pages = {40--66},
	Title = {Succinct Suffix Arrays based on Run-Length Encoding},
	Volume = 12,
	Year = 2005}

@article{rrr2007,
	Address = {New York, NY, USA},
	Author = {Raman, Rajeev and Raman, Venkatesh and Satti, Srinivasa Rao},
	Doi = {http://doi.acm.org.ezproxy.lib.rmit.edu.au/10.1145/1290672.1290680},
	Issn = {1549-6325},
	Journal = {ACM Trans. Algorithms},
	Number = {4},
	Pages = {43},
	Publisher = {ACM},
	Title = {Succinct indexable dictionaries with applications to encoding k-ary trees, prefix sums and multisets},
	Volume = {3},
	Year = {2007},
	Bdsk-Url-1 = {http://doi.acm.org.ezproxy.lib.rmit.edu.au/10.1145/1290672.1290680}}

@article{fmindex:ferragina2000,
	Address = {Los Alamitos, CA, USA},
	Author = {P. Ferragina and G. Manzini},
	Doi = {http://doi.ieeecomputersociety.org/10.1109/SFCS.2000.892127},
	Issn = {0272-5428},
	Journal = {Foundations of Computer Science, Annual IEEE Symposium on},
	Pages = {390},
	Publisher = {IEEE Computer Society},
	Title = {Opportunistic data structures with applications},
	Volume = {0},
	Year = {2000},
	Bdsk-Url-1 = {http://doi.ieeecomputersociety.org/10.1109/SFCS.2000.892127}}

@inproceedings{arc:wattenberg2002,
	Address = {Washington, DC, USA},
	Author = {Wattenberg, Martin},
	Booktitle = {INFOVIS '02: Proceedings of the IEEE Symposium on Information Visualization (InfoVis'02)},
	Isbn = {0-7695-1751-X},
	Pages = {110},
	Publisher = {IEEE Computer Society},
	Title = {Arc Diagrams: Visualizing Structure in Strings},
	Year = {2002}}

@inproceedings{yu2009,
	Address = {Berlin},
	Author = {Chih-Chiang Yu and Wing-Kai Hon and Biing-Feng Wang},
	Booktitle = {Computing and Combinatorics},
	Date-Added = {2010-05-25 18:57:27 +1000},
	Date-Modified = {2010-05-25 19:25:06 +1000},
	Keywords = {data structures, algorithms, range searching, indexes, wavelet trees},
	Pages = {96-105},
	Publisher = {Springer},
	Title = {Efficient Data Structures for the Orthogonal Range Successor Problem},
	Volume = {5609},
	Year = {2009}}

@article{MN06,
	Author = {G. Navarro and V. M{\"a}kinen},
	Journal = {ACM Computing Surveys},
	Number = 1,
	Pages = {article 2},
	Title = {Compressed Full-Text Indexes},
	Volume = 39,
	Year = 2007}

@conference{GGV03,
	Author = {Grossi, R. and Gupta, A. and Vitter, J.S.},
	Booktitle = {Proceedings of the fourteenth annual ACM-SIAM symposium on Discrete algorithms},
	Organization = {Society for Industrial and Applied Mathematics},
	Pages = {841--850},
	Title = {{High-order entropy-compressed text indexes}},
	Year = {2003}}

@article{FMMN07,
	Address = {New York, NY, USA},
	Author = {Ferragina, Paolo and Manzini, Giovanni and M\"{a}kinen, Veli and Navarro, Gonzalo},
	Doi = {http://doi.acm.org/10.1145/1240233.1240243},
	Issn = {1549-6325},
	Journal = {ACM Trans. Algorithms},
	Number = {2},
	Pages = {20},
	Publisher = {ACM},
	Title = {Compressed representations of sequences and full-text indexes},
	Volume = {3},
	Year = {2007},
	Bdsk-Url-1 = {http://doi.acm.org/10.1145/1240233.1240243}}

@inproceedings{GMR06,
	Address = {New York, NY, USA},
	Author = {Golynski, Alexander and Munro, J. Ian and Rao, S. Srinivasa},
	Booktitle = {SODA '06: Proceedings of the seventeenth annual ACM-SIAM symposium on Discrete algorithm},
	Doi = {http://doi.acm.org/10.1145/1109557.1109599},
	Isbn = {0-89871-605-5},
	Location = {Miami, Florida},
	Pages = {368--373},
	Publisher = {ACM},
	Title = {Rank/select operations on large alphabets: a tool for text indexing},
	Year = {2006},
	Bdsk-Url-1 = {http://doi.acm.org/10.1145/1109557.1109599}}

@article{FGM09,
	Address = {Duluth, MN, USA},
	Author = {Ferragina, Paolo and Giancarlo, Raffaele and Manzini, Giovanni},
	Doi = {http://dx.doi.org/10.1016/j.ic.2008.12.010},
	Issn = {0890-5401},
	Journal = {Inf. Comput.},
	Number = {8},
	Pages = {849--866},
	Publisher = {Academic Press, Inc.},
	Title = {The myriad virtues of Wavelet Trees},
	Volume = {207},
	Year = {2009},
	Bdsk-Url-1 = {http://dx.doi.org/10.1016/j.ic.2008.12.010}}

@article{OS06,
	Author = {Okanohara, D. and Sadakane, K.},
	Journal = {Arxiv preprint cs/0610001},
	Title = {{Practical entropy-compressed rank/select dictionary}},
	Year = {2006}}

@inproceedings{MN07:selfindex,
	Author = {V. M{\"a}kinen and G. Navarro},
	Booktitle = {Proc. 14th International Symposium on String Processing and Information Retrieval (SPIRE)},
	Pages = {214--226},
	Publisher = {Springer},
	Series = {LNCS 4726},
	Title = {Implicit Compression Boosting with Applications to Self-Indexing},
	Year = {2007}}

@inproceedings{CN08,
	Author = {F. Claude and G. Navarro},
	Booktitle = {Proc. 15th International Symposium on String Processing and Information Retrieval (SPIRE)},
	Pages = {176--187},
	Publisher = {Springer},
	Series = {LNCS 5280},
	Title = {Practical Rank/Select Queries over Arbitrary Sequences},
	Year = {2008}}

@article{MN07:rankselect,
	Author = {V. M{\"a}kinen and G. Navarro},
	Journal = {Theoretical Computer Science},
	Note = {Special issue on ``The Burrows-Wheeler Transform and its Applications''},
	Number = 3,
	Pages = {332--347},
	Title = {Rank and Select Revisited and Extended},
	Volume = 387,
	Year = 2007}

@inproceedings{GGMN05,
	Address = {Greece},
	Author = {R. Gonz\'alez and Sz. Grabowski and V. M{\"akinen} and G. Navarro},
	Booktitle = {Poster Proc. Volume of 4th Workshop on Efficient and Experimental Algorithms (WEA)},
	Pages = {27--38},
	Publisher = {CTI Press and Ellinika Grammata},
	Title = {Practical Implementation of Rank and Select Queries},
	Year = {2005}}

@conference{MN10,
	Author = {Mar{\'\i}n, M. and Navarro, G.},
	Booktitle = {String Processing and Information Retrieval},
	Organization = {Springer},
	Pages = {311--325},
	Title = {{Distributed query processing using suffix arrays}},
	Year = {2010}}

@inproceedings{manber1990,
	Author = {Manber, U. and Myers, G.},
	Booktitle = {Proceedings of the first annual ACM-SIAM symposium on Discrete algorithms},
	Date-Modified = {2010-10-25 22:36:01 +1100},
	Organization = {Society for Industrial and Applied Mathematics},
	Pages = {319--327},
	Title = {Suffix arrays: A new method for on-line string searches},
	Year = {1990}}

@article{McCreight76,
	Address = {New York, NY, USA},
	Author = {McCreight, Edward M.},
	Doi = {http://doi.acm.org/10.1145/321941.321946},
	Issn = {0004-5411},
	Journal = {J. ACM},
	Number = {2},
	Pages = {262--272},
	Publisher = {ACM},
	Title = {A Space-Economical Suffix Tree Construction Algorithm},
	Volume = {23},
	Year = {1976},
	Bdsk-Url-1 = {http://doi.acm.org/10.1145/321941.321946}}

@conference{Munro96,
	Author = {Munro, J.},
	Booktitle = {Foundations of Software Technology and Theoretical Computer Science},
	Organization = {Springer},
	Pages = {37--42},
	Title = {Tables},
	Year = {1996}}

@inproceedings{Weiner73,
	Address = {Washington, DC, USA},
	Author = {Weiner, Peter},
	Booktitle = {SWAT '73: Proceedings of the 14th Annual Symposium on Switching and Automata Theory (swat 1973)},
	Doi = {http://dx.doi.org/10.1109/SWAT.1973.13},
	Pages = {1--11},
	Publisher = {IEEE Computer Society},
	Title = {Linear pattern matching algorithms},
	Year = {1973},
	Bdsk-Url-1 = {http://dx.doi.org/10.1109/SWAT.1973.13}}

@article{KMP77,
	Author = {Knuth, D.E. and Morris Jr, J.H. and Pratt, V.R.},
	Journal = {SIAM Journal on Computing},
	Pages = {323},
	Title = {{Fast pattern matching in strings}},
	Volume = {6},
	Year = {1977}}
